<?xml version="1.0" encoding="UTF-8"?>
  <record xmlns="http://www.loc.gov/MARC21/slim" type="Authority">
    <leader>00000nz  a2200000nc 4500</leader>
    <controlfield tag="001">122062183</controlfield>
    <controlfield tag="003">DE-101</controlfield>
    <controlfield tag="005">20190712195418.0</controlfield>
    <controlfield tag="008">000517n||aznnnaabn           | aaa    |c</controlfield>
    <datafield tag="024" ind1="7" ind2=" ">
      <subfield code="a">122062183</subfield>
      <subfield code="0">http://d-nb.info/gnd/122062183</subfield>
      <subfield code="2">gnd</subfield>
    </datafield>
    <datafield tag="035" ind1=" " ind2=" ">
      <subfield code="a">(DE-101)122062183</subfield>
    </datafield>
    <datafield tag="035" ind1=" " ind2=" ">
      <subfield code="a">(DE-588)122062183</subfield>
    </datafield>
    <datafield tag="035" ind1=" " ind2=" ">
      <subfield code="z">(DE-588a)122062183</subfield>
      <subfield code="9">v:zg</subfield>
    </datafield>
    <datafield tag="040" ind1=" " ind2=" ">
      <subfield code="a">DE-12</subfield>
      <subfield code="c">DE-12</subfield>
      <subfield code="9">r:DE-12</subfield>
      <subfield code="b">ger</subfield>
      <subfield code="d">9999</subfield>
    </datafield>
    <datafield tag="042" ind1=" " ind2=" ">
      <subfield code="a">gnd1</subfield>
    </datafield>
    <datafield tag="075" ind1=" " ind2=" ">
      <subfield code="b">p</subfield>
      <subfield code="2">gndgen</subfield>
    </datafield>
    <datafield tag="075" ind1=" " ind2=" ">
      <subfield code="b">piz</subfield>
      <subfield code="2">gndspec</subfield>
    </datafield>
    <datafield tag="079" ind1=" " ind2=" ">
      <subfield code="a">g</subfield>
      <subfield code="q">a</subfield>
      <subfield code="q">f</subfield>
    </datafield>
    <datafield tag="100" ind1="1" ind2=" ">
      <subfield code="a">Heublein, Johann Conrad</subfield>
      <subfield code="d">1641-1684</subfield>
    </datafield>
    <datafield tag="400" ind1="1" ind2=" ">
      <subfield code="a">Heublein, Johann Konrad</subfield>
      <subfield code="d">1641-1684</subfield>
    </datafield>
    <datafield tag="500" ind1="1" ind2=" ">
      <subfield code="0">(DE-101)121592855</subfield>
      <subfield code="0">(DE-588)121592855</subfield>
      <subfield code="0">https://d-nb.info/gnd/121592855</subfield>
      <subfield code="a">Bechmann, Johann Andreas</subfield>
      <subfield code="d">-1698</subfield>
      <subfield code="4">bezf</subfield>
      <subfield code="4">https://d-nb.info/standards/elementset/gnd#familialRelationship</subfield>
      <subfield code="w">r</subfield>
      <subfield code="i">Beziehung familiaer</subfield>
      <subfield code="e">Beziehung familiaer</subfield>
      <subfield code="9">v:Schwager</subfield>
    </datafield>
    <datafield tag="548" ind1=" " ind2=" ">
      <subfield code="a">1641-1684</subfield>
      <subfield code="4">datl</subfield>
      <subfield code="4">https://d-nb.info/standards/elementset/gnd#dateOfBirthAndDeath</subfield>
      <subfield code="w">r</subfield>
      <subfield code="i">Lebensdaten</subfield>
    </datafield>
    <datafield tag="548" ind1=" " ind2=" ">
      <subfield code="a">XX.XX.1641-1684.04.28</subfield>
      <subfield code="4">datx</subfield>
      <subfield code="4">https://d-nb.info/standards/elementset/gnd#dateOfBirthAndDeath</subfield>
      <subfield code="w">r</subfield>
      <subfield code="i">Exakte Lebensdaten</subfield>
    </datafield>
    <datafield tag="551" ind1=" " ind2=" ">
      <subfield code="0">(DE-101)040555658</subfield>
      <subfield code="0">(DE-588)4055565-3</subfield>
      <subfield code="0">https://d-nb.info/gnd/4055565-3</subfield>
      <subfield code="a">Sonneberg</subfield>
      <subfield code="4">ortg</subfield>
      <subfield code="4">https://d-nb.info/standards/elementset/gnd#placeOfBirth</subfield>
      <subfield code="w">r</subfield>
      <subfield code="i">Geburtsort</subfield>
    </datafield>
    <datafield tag="551" ind1=" " ind2=" ">
      <subfield code="0">(DE-101)040924505</subfield>
      <subfield code="0">(DE-588)4092450-6</subfield>
      <subfield code="0">https://d-nb.info/gnd/4092450-6</subfield>
      <subfield code="a">Eisleben</subfield>
      <subfield code="4">ortw</subfield>
      <subfield code="4">https://d-nb.info/standards/elementset/gnd#placeOfActivity</subfield>
      <subfield code="w">r</subfield>
      <subfield code="i">Wirkungsort</subfield>
    </datafield>
    <datafield tag="551" ind1=" " ind2=" ">
      <subfield code="0">(DE-101)040924505</subfield>
      <subfield code="0">(DE-588)4092450-6</subfield>
      <subfield code="0">https://d-nb.info/gnd/4092450-6</subfield>
      <subfield code="a">Eisleben</subfield>
      <subfield code="4">orts</subfield>
      <subfield code="4">https://d-nb.info/standards/elementset/gnd#placeOfDeath</subfield>
      <subfield code="w">r</subfield>
      <subfield code="i">Sterbeort</subfield>
    </datafield>
    <datafield tag="667" ind1=" " ind2=" ">
      <subfield code="a">VD-17</subfield>
    </datafield>
    <datafield tag="672" ind1=" " ind2="0">
      <subfield code="a">Kleinschmidt, Johann Valentin: Der glaubigen Kinder Gottes versicherte ewige Seeligkeit (Leichenpredigt Johann Conrad Heublein). - 1684</subfield>
    </datafield>
    <datafield tag="678" ind1=" " ind2=" ">
      <subfield code="b">Kaufmann, Ratsmitglied und Bürgermeister in Eisleben; Sohn des Johann Heublein, Bürgermeister und Kaufmann in Sonneberg und der Helena Heublein, geb. Wagner; Urgroßvater väterlicherseits: Johann Heublein, ebenfalls Bürgermeister und Kaufmann in Sonneberg, Urgroßvater mütterlicherseits: Paul Wagner, Bürgermeister und Kaufmann in Neustadt an der Heide, zuvor Ratsmitglied in Cronach, wo er  wegen seines Evangelischen Bekenntisses im Verlauf der Reformation verfolgt wurde und seinen dortigen Grundbesitz aufgeben musste; Urgroßmutter mütterlicherseits: Wagner, Margaretha, geb. Fridelin, Tochter von Nicolai Fridel[i?]n, Adeligem Sigerischem Verwalter zu Niederlind; Johann Conrad Heublein unternahm als Kaufmann (auch während seiner Ausbildung) viele Reisen nach Holland; 11.02.1663 Heirat mit Margarethe Müller, Tochter des Kaufmanns Ehrhart Müller; aus der Ehe gehen 2 Söhne hervor, die beide früh sterben; nach 9jähriger Ehe stirbt auch die 1. Ehefrau; 28.10.1672 zweite Ehe mit Anna Catharina, geb. Bechmann (Tochter von Christoph Bechmann, Hochgräflichem Schwartzburgischem Amtsschreiber), 5 Kinder (2 Söhne, 3 Töchter), wovon 2 früh versterben; Ehrenämter des Johann Conrad Heublein: 1673 Rat der Stadt Eisleben, Landschaftsdeputierter; 1675/76 Rats-Weinmeister; 1679/80 Gotteskasten-Vorsteher, danach Bürgermeister in Eisleben; Behandlung im Verlauf seiner zum Tod führenden Erkrankung u.a. durch seinen Schwager Johann Andreas Bechmann, Fürstlich-Waldeckischer Leibarzt und Stadtarzt von Gotha; wahrscheinlich verwandt mit Friedemann Bechmann</subfield>
    </datafield>
    <datafield tag="913" ind1=" " ind2=" ">
      <subfield code="S">pnd</subfield>
      <subfield code="i">a</subfield>
      <subfield code="a">Heublein, Johann Conrad</subfield>
      <subfield code="0">(DE-588a)122062183</subfield>
    </datafield>
  </record>
